@article{barry_open_source_healthcare,
  author  = {Barry, Brian},
  title   = {The Emerging Role of Open Source in Healthcare},
  journal = {TIM Review},
  url     = {https://timreview.ca/article/203},
  note    = {Accessed 24 November 2023}
}

@online{openmrs_governance_model,
  title = {Confluence Mobile - OpenMRS Wiki},
  url   = {https://wiki.openmrs.org/display/RES/OpenMRS+Community+Governance+Model},
  note  = {Accessed 24 November 2023}
}

@online{dhis2_open_health_news,
  title        = {District Health Information System 2 (DHIS2)},
  organization = {Open Health News},
  url          = {https://www.openhealthnews.com/resources/district-health-information-system-2-dhis2},
  note         = {Accessed 24 November 2023}
}

@online{openmrs_global_communities,
  title        = {Global and active OpenMRS communities | Joinup},
  organization = {Joinup},
  date         = {19 March 2021},
  url          = {https://joinup.ec.europa.eu/collection/open-source-observatory-osor/news/global-and-active-openmrs-communities},
  note         = {Accessed 24 November 2023}
}

@online{dhis2_what_is_dhis2,
  title        = {What is DHIS2?},
  organization = {DHIS2 Documentation},
  date         = {13 September 2022},
  url          = {https://docs.dhis2.org/en/use/what-is-dhis2.html},
  note         = {Accessed 24 November 2023}
}

@online{hl7_fhir,
  title        = {HL7 FHIR},
  organization = {Health Level 7 (HL7)},
  url          = {https://www.hl7.org/FHIR/},
  note         = {Accessed 24 November 2023}
}

@online{openmrs_health_market_innovations,
  title        = {Open Medical Record System (OpenMRS) | The Center for Health Market Innovations},
  organization = {The Center for Health Market Innovations},
  url          = {https://healthmarketinnovations.org/program/open-medical-record-system-openmrs},
  note         = {Accessed 24 November 2023}
}

@online{openmrs_developers_guide,
  title        = {OpenMRS Developers' Guide},
  organization = {FLOSS Manuals (en)},
  url          = {https://archive.flossmanuals.net/openmrs-developers-guide/architecture.html},
  note         = {Accessed 24 November 2023}
}

@online{openmrs_wiki,
  title = {OpenMRS Wiki},
  url   = {https://wiki.openmrs.org/},
  note  = {Accessed 24 November 2023}
}

@article{petersen_open_source_healthcare_platforms,
  author  = {Petersen, Leo},
  title   = {Open Source in Healthcare: Benefits, Challenges of Shared Healthcare Platforms},
  journal = {CIFS Health},
  url     = {https://cifs.health/backgrounds/open-source-in-healthcare-benefits-challenges-of-shared-healthcare-platforms/},
  note    = {Accessed 24 November 2023}
}

@article{standards_better_health,
  title = {Standards for Better Health - PMC},
  url   = {https://www.ncbi.nlm.nih.gov/pmc/articles/PMC3068784/},
  note  = {Accessed 24 November 2023}
}

@online{hl7_fhir_what_is_fhir,
  title        = {What is HL7 FHIR?},
  organization = {HealthIT.gov},
  url          = {https://www.healthit.gov/sites/default/files/page/2021-04/What%20Is%20FHIR%20Fact%20Sheet.pdf},
  note         = {Accessed 24 November 2023}
}